@INPROCEEDINGS{C2, 
author={H. Courtecuisse and J. Allard}, 
booktitle={2009 11th IEEE International Conference on High Performance Computing and Communications}, 
title={Parallel Dense Gauss-Seidel Algorithm on Many-Core Processors}, 
year={2009}, 
volume={}, 
number={}, 
pages={139-147}, 
keywords={iterative methods;mathematics computing;multiprocessing systems;parallel algorithms;sparse matrices;deformable body;fully-coupled system;linear complementary problem;many-core processor;medical intervention planning;multicore CPU;multicore GPU;parallel dense Gauss-Seidel algorithm;sequential algorithm;sparse matrix;synchronization primitive;tightly-coupled constraint;Computer architecture;Concurrent computing;Equations;Europe;Gaussian processes;High performance computing;Jacobian matrices;Linear systems;Parallel processing;Pervasive computing;GPGPU;linear complementary problem;parallel algorithms;physically based modeling}, 
doi={10.1109/HPCC.2009.51}, 
ISSN={}, 
month={June},}





@InProceedings{C3,
  author={{N.I. Lobachevsky State University of Niznhi Novgorod}},
  title={Parallel methods for partial differential equations},
  url={http://www.hpcc.unn.ru/mskurs/ENG/DOC/pp12.pdf},
  pages={4-14}
}

@InProceedings{C4,
  author={NVIDIA corporation},
  title={WHAT IS GPU-ACCELERATED COMPUTING?},
  url={http://www.nvidia.com/object/what-is-gpu-computing.html},
}